@article{Cohen1960AScales,
    title = {{A Coefficient of Agreement for Nominal Scales}},
    year = {1960},
    journal = {Educational and Psychological Measurement},
    author = {Cohen, Jacob},
    number = {1},
    month = {4},
    pages = {37--46},
    volume = {20},
    publisher = {Sage PublicationsSage CA: Thousand Oaks, CA},
    url = {http://journals.sagepub.com/doi/10.1177/001316446002000104},
    doi = {10.1177/001316446002000104}
}

@article{Pestian2016ADepartment,
    title = {{A controlled trial using natural language processing to examine the language of suicidal adolescents in the emergency department}},
    year = {2016},
    journal = {Suicide and life-},
    author = {Pestian, JP and Grupp‚ÄêPhelan, J},
    url = {http://onlinelibrary.wiley.com/doi/10.1111/sltb.12180/full}
}

@article{Pestian2017ATrial,
    title = {{A machine learning approach to identifying the thought markers of suicidal subjects: a prospective multicenter trial}},
    year = {2017},
    journal = {Suicide and life-},
    author = {Pestian, JP and Sorter, M and Connolly, B},
    url = {http://onlinelibrary.wiley.com/doi/10.1111/sltb.12312/full}
}

@article{Pestian2017ATrialb,
    title = {{A Machine Learning Approach to Identifying the Thought Markers of Suicidal Subjects: A Prospective Multicenter Trial}},
    year = {2017},
    journal = {Suicide and Life-Threatening Behavior},
    author = {Pestian, John P. and Sorter, Michael and Connolly, Brian and Bretonnel Cohen, Kevin and McCullumsmith, Cheryl and Gee, Jeffry T. and Morency, Louis-Philippe and Scherer, Stefan and Rohlfs, Lesley},
    number = {1},
    month = {2},
    pages = {112--121},
    volume = {47},
    publisher = {Wiley/Blackwell (10.1111)},
    url = {http://doi.wiley.com/10.1111/sltb.12312},
    doi = {10.1111/sltb.12312}
}

@article{Baly2016AAnalysis,
    title = {{A Meta-Framework for Modeling the Human Reading Process in Sentiment Analysis}},
    year = {2016},
    journal = {ACM Trans. Inf. Syst.},
    author = {Baly, Ramy and Hobeica, Roula and Hajj, Hazem and El-Hajj, Wassim and Shaban, Khaled Bashir and Al-Sallab, Ahmad},
    number = {1},
    pages = {7:1--7:21},
    volume = {35},
    url = {http://doi.acm.org/10.1145/2950050},
    doi = {10.1145/2950050},
    issn = {1046-8188},
    keywords = {Sentiment analysis, human reading, psychology, supervised learning and notions}
}

@inproceedings{Iliou2015APerformance,
    title = {{A Novel Machine Learning Data Preprocessing Method for Enhancing Classification Algorithms Performance}},
    year = {2015},
    booktitle = {Proceedings of the 16th International Conference on Engineering Applications of Neural Networks (INNS) - EANN '15},
    author = {Iliou, Theodoros and Anagnostopoulos, Christos-Nikolaos and Nerantzaki, Marina and Anastassopoulos, George},
    pages = {1--5},
    publisher = {ACM Press},
    url = {http://dl.acm.org/citation.cfm?doid=2797143.2797155},
    address = {New York, New York, USA},
    isbn = {978-1-4503-3580-5},
    doi = {10.1145/2797143.2797155},
    keywords = {Data preprocessing, classification algorithms, data mining, machine learning}
}

@article{NguyenAnAssessments,
    title = {{An evaluation of randomized machine learning methods for redundant data: Predicting short and medium-term suicide risk from administrative records and risk assessments}},
    author = {Nguyen, Thuong and Tran, Truyen and Gopakumar, Shivapratap and Phung, Dinh and Venkatesh, Svetha},
    url = {https://arxiv.org/pdf/1605.01116.pdf}
}

@article{Blar2015AnalysisInteraction,
    title = {{Analysis of human emotion in human-robot interaction}},
    year = {2015},
    author = {Blar, Noraidah and Jafar, Fairul Azni and Abdullah, Nurhidayu and Muhammad, Mohd Nazrin and Kassim, Anuar Muhamed},
    pages = {070010},
    volume = {070010},
    url = {http://aip.scitation.org/doi/abs/10.1063/1.4915728},
    isbn = {9780735413047},
    doi = {10.1063/1.4915728},
    keywords = {emotion, human-robot interaction, kansei robotics}
}

@article{GarciaGarciaDptoPsicologiaBasicaProcesosCognitivosAprendizajeConocimiento,
    title = {{Aprendizaje y construcci{\'{o}}n del conocimiento}},
    author = {Garc{\'{i}}a Garc{\'{i}}a Dpto Psicolog{\'{i}}a B{\'{a}}sica Procesos Cognitivos, Emilio},
    url = {http://eprints.ucm.es/9973/1/APRENDIZAJE__Y_CONSTRUCCION_DEL_CONOCIMIENTO.pdf}
}

@article{Beck1979AssessmentIdeation.,
    title = {{Assessment of suicidal intention: the Scale for Suicide Ideation.}},
    year = {1979},
    journal = {Journal of consulting and},
    author = {Beck, AT and Kovacs, M and Weissman, A},
    number = {2},
    pages = {343--352},
    volume = {47},
    url = {http://psycnet.apa.org/journals/ccp/47/2/343/},
    doi = {http://dx.doi.org/10.1037/0022-006X.47.2.343}
}

@article{Schoene2016AutomaticFeatures,
    title = {{Automatic Identification of Suicide Notes from Linguistic and Sentiment Features}},
    year = {2016},
    author = {Schoene, Annika Marie and Dethlefs, Nina},
    pages = {128--133},
    url = {http://www.aclweb.org/anthology/W16-2116}
}

@techreport{ARCOTEL2017Boletin2017,
    title = {{Boletin Estadistico Unificado Junio 2017}},
    year = {2017},
    author = {{ARCOTEL}},
    url = {http://www.arcotel.gob.ec/wp-content/uploads/2015/01/BOLETIN-ESTAD%C3%8DSTICO-UNIFICADO-JUNIO-2017v3.pdf},
    institution = {ARCOTEL}
}

@article{Hughes1995CanSuicide,
    title = {{Can the clinician predict suicide?}},
    year = {1995},
    journal = {Psychiatric Services},
    author = {Hughes, DH},
    url = {http://ps.psychiatryonline.org/doi/pdf/10.1176/ps.46.5.449}
}

@article{Hughes1995CanSuicideb,
    title = {{Can the Clinician Predict Suicide?}},
    year = {1995},
    journal = {Psychiatric Services},
    author = {Hughes, Douglas H.},
    number = {5},
    month = {5},
    pages = {449--451},
    volume = {46},
    url = {http://psychiatryonline.org/doi/abs/10.1176/ps.46.5.449},
    doi = {10.1176/ps.46.5.449}
}

@article{Beck1975ClassificationLethality.,
    title = {{Classification of suicidal behaviors: I. Quantifying intent and medical lethality.}},
    year = {1975},
    journal = {The American journal of psychiatry},
    author = {Beck, AT and Beck, R and Kovacs, M},
    number = {3},
    pages = {285 - 287},
    volume = {132},
    url = {http://psycnet.apa.org/psycinfo/1975-23366-001},
    doi = {10.1176/appi.books.9780890425596},
    pmid = {1535-7228}
}

@article{Hachaj2017ClusteringApproach,
    title = {{Clustering of trending topics in microblogging posts: A graph-based approach}},
    year = {2017},
    journal = {Future Generation Computer Systems},
    author = {Hachaj, Tomasz and Ogiela, Marek R.},
    pages = {297--304},
    volume = {67},
    publisher = {Elsevier B.V.},
    url = {http://dx.doi.org/10.1016/j.future.2016.04.009},
    doi = {10.1016/j.future.2016.04.009},
    issn = {0167739X},
    keywords = {Clustering, Communities detection, Microblogging, Social graph, Social media, Twitter}
}

@article{Matykiewicz2009ClusteringArticles,
    title = {{Clustering semantic spaces of suicide notes and newsgroups articles}},
    year = {2009},
    journal = {of the Workshop on Current Trends  {\ldots}},
    author = {Matykiewicz, P and Duch, W and Pestian, J},
    url = {http://dl.acm.org/citation.cfm?id=1572389}
}

@misc{Constituyente2008CONSTITUCIONECUADOR,
    title = {{CONSTITUCI{\'{O}}N DEL ECUADOR}},
    year = {2008},
    author = {Constituyente, Asamblea Nacional},
    pages = {18},
    url = {http://www.asambleanacional.gov.ec/documentos/constitucion_de_bolsillo.pdf}
}

@book{WittenDataTechniques,
    title = {{Data mining : practical machine learning tools and techniques}},
    author = {Witten, I. H. (Ian H.) and Frank, Eibe and Hall, Mark A. (Mark Andrew) and Pal, Christopher J.},
    pages = {621},
    url = {https://books.google.es/books?hl=es&lr=&id=1SylCgAAQBAJ&oi=fnd&pg=PP1&dq=Data+mining+:+practical+machine+learning+tools+and+techniques&ots=8IBRqcoDyg&sig=lAL20G19GCRdJqLFptivFelYTZ4#v=onepage&q=Data%20mining%20%3A%20practical%20machine%20learning%20tools%},
    isbn = {9780128043578}
}

@article{Lin2018Data-basedFollow-up,
    title = {{Data-based Decision Rules to Personalize Depression Follow-up}},
    year = {2018},
    journal = {Scientific Reports},
    author = {Lin, Ying and Huang, Shuai and Simon, Gregory E. and Liu, Shan},
    number = {1},
    month = {12},
    pages = {5064},
    volume = {8},
    url = {http://www.nature.com/articles/s41598-018-23326-1},
    doi = {10.1038/s41598-018-23326-1},
    issn = {20452322}
}

@article{Schwartz2015Data-DrivenMedia,
    title = {{Data-Driven Content Analysis of Social Media}},
    year = {2015},
    journal = {The ANNALS of the American Academy of Political and Social Science},
    author = {Schwartz, H. Andrew and Ungar, Lyle H.},
    editor = {Shah, Dhavan V. and Cappella, Joseph N. and Neuman, W. Russell},
    number = {1},
    month = {5},
    pages = {78--94},
    volume = {659},
    publisher = {SAGE PublicationsSage CA: Los Angeles, CA},
    url = {http://journals.sagepub.com/doi/10.1177/0002716215569197},
    doi = {10.1177/0002716215569197}
}

@article{Schwartz2015Data-drivenMethods,
    title = {{Data-driven content analysis of social media: a systematic overview of automated methods}},
    year = {2015},
    journal = {The ANNALS of the American},
    author = {Schwartz, HA and Ungar, LH},
    url = {http://journals.sagepub.com/doi/abs/10.1177/0002716215569197}
}

@misc{RedditDeepWeb,
    title = {{Deep Web}},
    booktitle = {reddit},
    author = {{Reddit}},
    url = {https://www.reddit.com/r/deepweb/}
}

@inproceedings{Huang2014DetectingLexicons,
    title = {{Detecting Suicidal Ideation in Chinese Microblogs with Psychological Lexicons}},
    year = {2014},
    booktitle = {2014 IEEE 11th Intl Conf on Ubiquitous Intelligence and Computing and 2014 IEEE 11th Intl Conf on Autonomic and Trusted Computing and 2014 IEEE 14th Intl Conf on Scalable Computing and Communications and Its Associated Workshops},
    author = {Huang, Xiaolei and Zhang, Lei and Chiu, David and Liu, Tianli and Li, Xin and Zhu, Tingshao},
    month = {12},
    pages = {844--849},
    publisher = {IEEE},
    url = {http://ieeexplore.ieee.org/document/7307052/},
    isbn = {978-1-4799-7646-1},
    doi = {10.1109/UIC-ATC-ScalCom.2014.48}
}

@article{ODea2015DetectingTwitter,
    title = {{Detecting suicidality on Twitter}},
    year = {2015},
    journal = {Internet Interventions},
    author = {O'Dea, Bridianne and Wan, Stephen and Batterham, Philip J. and Calear, Alison L. and Paris, Cecile and Christensen, Helen},
    number = {2},
    month = {5},
    pages = {183--188},
    volume = {2},
    url = {http://linkinghub.elsevier.com/retrieve/pii/S2214782915000160},
    doi = {10.1016/j.invent.2015.03.005}
}

@article{Cunningham2016DevelopingGuide,
    title = {{Developing Language Processing Components with GATE Version 8 (a User Guide)}},
    year = {2016},
    journal = {University  of  Sheffield.  Department  of  Computer  Science,},
    author = {Cunningham, H and Maynard, D and Bontcheva, K and Tablan, V and Aswani, N and Roberts, I and Gorrell, G and Funk, A and Roberts, A and Damljanovic, D and Heitz, T},
    url = {http://www.derczynski.com/sheffield/papers/gate-userguide-20160307.pdf}
}

@article{AmericanPsychiatricAssociation2017DIAGNOSTICEDITION,
    title = {{DIAGNOSTIC AND STATISTICAL MANUAL OF MENTAL DISORDERS,  FIFTH EDITION}},
    year = {2017},
    journal = {American Psychiatric Association},
    author = {{American Psychiatric Association}},
    pages = {1 - 56},
    volume = {fifth},
    url = {https://psychiatryonline.org/pb-assets/dsm/update/DSM5Update_October2017.pdf}
}

@misc{WeareSocial2019DigitalPixeles,
    title = {{Digital 2019: Global Internet Use Accelerates - Screen-Shot-2019-01-30-at-12.10.44.png (Imagen PNG, 600 √ó 337 p{\'{i}}xeles)}},
    year = {2019},
    author = {{We are Social}},
    url = {https://wearesocial-net.s3.amazonaws.com/wp-content/uploads/2019/01/Screen-Shot-2019-01-30-at-12.10.44.png}
}

@misc{WeareSocial2019DigitalSocial,
    title = {{Digital 2019: Global Internet Use Accelerates - We Are Social}},
    year = {2019},
    booktitle = {Digital 2019: Global internet use accelerates},
    author = {{We are Social}},
    url = {https://wearesocial.com/blog/2019/01/digital-2019-global-internet-use-accelerates}
}

@misc{DigitalSocial,
    title = {{Digital in 2017: Global Overview - We Are Social}},
    url = {https://wearesocial.com/special-reports/digital-in-2017-global-overview}
}

@misc{Acuna2017EBSCOhostUNIVERSITARIOS.,
    title = {{EBSCOhost | 126509318 | IMPORTANCIA DE LOS ENTORNOS MOOCS PARA LA DIVULGACI{\'{O}}N DE CONOCIMIENTOS ACAD{\'{E}}MICOS EN ENTORNOS UNIVERSITARIOS.}},
    year = {2017},
    booktitle = {3C Tecnolog{\'{i}}a},
    author = {Acu{\~{n}}a, Roberto and Caicedo, Christian and Rodr{\'{i}}guez, Antonieta and Figueroa, Grace},
    pages = {33--47},
    url = {http://web.b.ebscohost.com/abstract?direct=true&profile=ehost&scope=site&authtype=crawler&jrnl=22544143&AN=126509318&h=U%2fA6SLfBw3zZHPYnYCVZa2YMCUa6%2fm%2f4t2ndxyUOsVGdpG2lHHDhjljh23XCTnSFdK0HAal0gXFDxXhEyaEcOQ%3d%3d&crl=c&resultNs=AdminWebAuth&resultLoc}
}

@misc{edxEdXMundo,
    title = {{edX | Cursos online gratuitos de las mejores universidades del mundo}},
    author = {{edx}},
    url = {https://www.edx.org/es}
}

@book{EstradaIndaElFamilia,
    title = {{El ciclo vital de la familia}},
    author = {Estrada Inda, Lauro.},
    isbn = {6073121482}
}

@misc{ElsevierElsevierKnowledge,
    title = {{Elsevier | An Information Analytics Business | Empowering Knowledge}},
    author = {{Elsevier}},
    url = {https://www.elsevier.com/}
}

@article{Amini2016EvaluatingNetwork.,
    title = {{Evaluating the High Risk Groups for Suicide: A Comparison of Logistic Regression, Support Vector Machine, Decision Tree and Artificial Neural Network.}},
    year = {2016},
    journal = {Iranian journal of public health},
    author = {Amini, Payam and Ahmadinia, Hasan and Poorolajal, Jalal and Moqaddasi Amiri, Mohammad},
    number = {9},
    month = {9},
    pages = {1179--1187},
    volume = {45},
    url = {http://www.ncbi.nlm.nih.gov/pubmed/27957463 http://www.ncbi.nlm.nih.gov/pubmed/27957463},
    pmid = {27957463}
}

@article{Purver2012ExperimentingClassification,
    title = {{Experimenting with Distant Supervision for Emotion Classification}},
    year = {2012},
    journal = {Proceedings of the 13th Conference of the European Chapter of the Association for Computational Linguistics},
    author = {Purver, Matthew and Battersby, Stuart},
    pages = {482--491},
    publisher = {ACL},
    url = {https://dl.acm.org/citation.cfm?id=2380875},
    isbn = {9781937284190}
}

@article{Tufis2012Experiments3.0,
    title = {{Experiments with a differential semantics annotation for WordNet 3.0}},
    year = {2012},
    journal = {Decision Support Systems},
    author = {Tufi{\c{s}}, Dan and {\c{S}}tef«énescu, Dan},
    number = {4},
    pages = {695--703},
    volume = {53},
    isbn = {0167-9236},
    doi = {10.1016/j.dss.2012.05.026},
    issn = {01679236},
    keywords = {Connotative meaning, Differential semantics, Sentiment analysis, WordNet}
}

@article{Zhao2019ExploitingLexicons,
    title = {{Exploiting social and local contexts propagation for inducing Chinese microblog-specific sentiment lexicons}},
    year = {2019},
    journal = {Computer Speech {\&} Language},
    author = {Zhao, Chuanjun and Wang, Suge and Li, Deyu},
    month = {5},
    pages = {57--81},
    volume = {55},
    publisher = {Academic Press},
    url = {https://www.sciencedirect.com/science/article/pii/S0885230817303704},
    doi = {10.1016/J.CSL.2018.10.004}
}

@article{Sierra2009ExtraccionLinguisticos,
    title = {{Extracci{\'{o}}n de contextos definitorios en textos de especialidad a partir del reconocimiento de patrones ling{\"{u}}{\'{i}}sticos}},
    year = {2009},
    journal = {Linguam{\'{a}}tica},
    author = {{Sierra} and {Gerardo}},
    number = {2},
    pages = {13--37},
    volume = {1},
    url = {http://linguamatica.com/index.php/linguamatica/article/view/38},
    doi = {10.21814/LM.1.2.38},
    issn = {1647-0818}
}

@article{Yu2016FeaturingMicro-Blog,
    title = {{Featuring , Detecting , and Visualizing Human Sentiment in Chinese Micro-Blog}},
    year = {2016},
    journal = {ACM Transactions on Knowledge Discovery from Data},
    author = {Yu, Zhiwen and Wang, Zhitao and Chen, Liming and Guo, B I N and Li, Wenjie},
    number = {4},
    pages = {1--23},
    volume = {10},
    doi = {10.1145/2821513},
    issn = {1556472X},
    keywords = {Sentiment detection, rule set‚Äìbased model, sentiment lexicon expansion, visualization}
}

@techreport{Padro2004FreeLing:Analyzers,
    title = {{FreeLing: An open-source suite of language analyzers Muntsa Padro Holmes Semantic Solutions FreeLing: An Open-Source Suite of Language Analyzers}},
    year = {2004},
    author = {Padr{\'{o}}, Llu√≠s and Carreras, Xavier and Chao, Isaac and Padr{\'{o}}, Muntsa},
    url = {http://www.lsi.upc.es/},
    institution = {Universitat Politecnica de Catalunya},
    address = {Barcelona}
}

@misc{DavidE1989GeneticLearning,
    title = {{Genetic Algorithms in Search, Optimization, and Machine Learning}},
    year = {1989},
    booktitle = {ADDISON-WESLEY},
    author = {David E, Goldberg},
    pages = {412},
    doi = {0-201-15767-5}
}

@article{Edelman1982GenuineAnalysis,
    title = {{Genuine versus Simulated Suicide Notes: An Issue Revisited Through Discourse Analysis}},
    year = {1982},
    journal = {Suicide and Life-Threatening Behavior},
    author = {Edelman, Ann M. and Renshaw, Steven L.},
    number = {2},
    month = {6},
    pages = {103--113},
    volume = {12},
    publisher = {Wiley/Blackwell (10.1111)},
    url = {http://doi.wiley.com/10.1111/j.1943-278X.1982.tb00917.x},
    doi = {10.1111/j.1943-278X.1982.tb00917.x}
}

@article{Benamara2012HowW12-3802.pdf,
    title = {{How do Negation and Modality Impact on Opinions? - W12-3802.pdf}},
    year = {2012},
    journal = {ExProm 2012 -- Proceedings of the Workshop on Extra-Propositional Aspects of Meaning in Computational Linguistics},
    author = {Benamara, Farah and Chardon, Baptiste and Mathieu, Yannick and Popescu, Vladimir and Asher, Nicholas},
    number = {July},
    pages = {10--18},
    url = {http://aclweb.org/anthology//W/W12/W12-3802.pdf}
}

@misc{LifecorpusHttps://github.com/plataformalifeua19-July-2018,
    title = {{https://github.com/plataformalifeua; accessed 19-July-2018}},
    author = {{Life! corpus} and {GitHub}},
    url = {https://github.com/plataformalifeua}
}

@misc{WeAreSocialHttps://wearesocial-net.s3.amazonaws.com/uk/wp-content/uploads/sites/2/2018/04/Screen-Shot-2018-04-20-at-14.46.56.png19-July-2018,
    title = {{https://wearesocial-net.s3.amazonaws.com/uk/wp-content/uploads/sites/2/2018/04/Screen-Shot-2018-04-20-at-14.46.56.png; accessed 19-July-2018}},
    booktitle = {https://wearesocial-net.s3.amazonaws.com/uk/wp-content/uploads/sites/2/2018/04/Screen-Shot-2018-04-20-at-14.46.56.png},
    author = {{We Are Social} and {Hootsuite}},
    url = {https://wearesocial-net.s3.amazonaws.com/uk/wp-content/uploads/sites/2/2018/04/Screen-Shot-2018-04-20-at-14.46.56.png}
}

@misc{WeAreSocialHttps://wearesocial.com/blog/2018/01/global-digital-report-201819-July-2018,
    title = {{https://wearesocial.com/blog/2018/01/global-digital-report-2018; accessed 19-July-2018}},
    booktitle = {accessed 19-July-2008},
    author = {{We Are Social} and {Hootsuite}},
    url = {https://wearesocial.com/blog/2018/01/global-digital-report-2018}
}

@article{Huang2007HuntingFindings,
    title = {{Hunting suicide notes in web 2.0-preliminary findings}},
    year = {2007},
    journal = {Multimedia Workshops, 2007.},
    author = {Huang, YP and Goh, T and Liew, CL},
    url = {http://ieeexplore.ieee.org/abstract/document/4476021/}
}

@article{Guan2015IdentifyingModel,
    title = {{Identifying Chinese microblog users with high suicide probability using internet-based profile and linguistic features: Classification model}},
    year = {2015},
    journal = {JMIR mental health},
    author = {Guan, L and Hao, B and Cheng, Q and Yip, PSF and Zhu, T},
    url = {https://www.ncbi.nlm.nih.gov/pmc/articles/PMC4607395/}
}

@article{Guan2015IdentifyingModel.,
    title = {{Identifying Chinese Microblog Users With High Suicide Probability Using Internet-Based Profile and Linguistic Features: Classification Model.}},
    year = {2015},
    journal = {JMIR mental health},
    author = {Guan, Li and Hao, Bibo and Cheng, Qijin and Yip, Paul Sf and Zhu, Tingshao},
    number = {2},
    pages = {e17},
    volume = {2},
    publisher = {JMIR Publications Inc.},
    url = {http://www.ncbi.nlm.nih.gov/pubmed/26543921 http://www.ncbi.nlm.nih.gov/pubmed/26543921},
    doi = {10.2196/mental.4227},
    pmid = {26543921}
}

@article{Mowery2016IdentifyingMonitoring,
    title = {{Identifying Depression-Related Tweets from Twitter for Public Health Monitoring}},
    year = {2016},
    journal = {Online Journal of Public Health Informatics},
    author = {Mowery, Danielle and Smith, Hilary A. and Cheney, Tyler and Bryan, Craig and Conway, Michael},
    number = {1},
    month = {3},
    volume = {8},
    url = {http://journals.uic.edu/ojs/index.php/ojphi/article/view/6561},
    doi = {10.5210/ojphi.v8i1.6561}
}

@article{Fernandes2018IdentifyingProcessing,
    title = {{Identifying Suicide Ideation and Suicidal Attempts in a Psychiatric Clinical Research Database using Natural Language Processing}},
    year = {2018},
    journal = {Scientific Reports},
    author = {Fernandes, Andrea C. and Dutta, Rina and Velupillai, Sumithra and Sanyal, Jyoti and Stewart, Robert and Chandran, David},
    number = {1},
    month = {12},
    pages = {7426},
    volume = {8},
    url = {http://www.nature.com/articles/s41598-018-25773-2},
    doi = {10.1038/s41598-018-25773-2}
}

@phdthesis{Ramos2016IntegracionWeb,
    title = {{Integraci{\'{o}}n de t{\'{e}}cnicas de procesamiento de lenguaje natural a trav{\'{e}}s de servicios web}},
    year = {2016},
    author = {Ramos, Facundo Mat√≠as and Velez, Juan Ignacio},
    publisher = {Universidad Nacional del Centro de la Provincia de Buenos Aires. Facultad de Ciencias Exactas},
    url = {http://www.ridaa.unicen.edu.ar/xmlui/handle/123456789/644}
}

@article{Artstein2008Inter-CoderLinguistics,
    title = {{Inter-Coder Agreement for Computational Linguistics}},
    year = {2008},
    journal = {Computational Linguistics},
    author = {Artstein, Ron and Poesio, Massimo},
    number = {4},
    month = {12},
    pages = {555--596},
    volume = {34},
    publisher = { MIT Press 238 Main St., Suite 500, Cambridge, MA 02142-1046USA journals-info@mit.edu },
    url = {http://www.mitpressjournals.org/doi/10.1162/coli.07-034-R2},
    doi = {10.1162/coli.07-034-R2},
    issn = {0891-2017}
}

@article{McHugh2012InterraterStatistic,
    title = {{Interrater reliability: the kappa statistic}},
    year = {2012},
    journal = {Biochemia Medica},
    author = {McHugh, Marry L.},
    number = {3},
    month = {10},
    pages = {276--282},
    volume = {22},
    publisher = {Croatian Society of Medical Biochemistry and Laboratory Medicine},
    url = {http://www.biochemia-medica.com/en/journal/22/3/10.11613/BM.2012.031},
    doi = {10.11613/BM.2012.031},
    issn = {18467482},
    keywords = {interrater, kappa, rater, reliability}
}

@article{Gomez2014LanguageMedia,
    title = {{Language Technologies for Suicide Prevention in Social Media}},
    year = {2014},
    journal = {Proceedings of the Workshop on Natural Language Processing in the 5th Information Systems Research Working Days (JISIC)},
    author = {G{\'{o}}mez, Jos√© M.},
    pages = {21--29},
    publisher = {Association for Computational Linguistics},
    url = {http://aclweb.org/anthology/W14-6903},
    address = {Stroudsburg, PA, USA},
    doi = {10.3115/v1/W14-6903}
}

@misc{GomezJose2017LifeInformacion,
    title = {{Life! Prevenci{\'{o}}n del Suicidio en las Redes Sociales | Grupo de Procesamiento del Lenguaje y Sistemas de Informaci{\'{o}}n}},
    year = {2017},
    author = {{G{\'{o}}mez Jos{\'{e}}}},
    url = {https://gplsi.dlsi.ua.es/gplsi13/es/node/245}
}

@misc{Senescyt2017ListadoSenescyt,
    title = {{Listado de Universidades | Programa de Becas - Senescyt}},
    year = {2017},
    author = {{Senescyt}},
    url = {http://programasbecas.educacionsuperior.gob.ec/listado-de-universidades-12/}
}

@misc{2017MethodologyUniversities,
    title = {{Methodology | Ranking Web of Universities}},
    year = {2017},
    url = {http://www.webometrics.info/en/Methodology}
}

@misc{Miriadax2017MiriadaMOOCs,
    title = {{Mir{\'{i}}ada X - Cursos online masivos y en abierto de forma gratuita (Massive Open Online Courses, MOOCs)}},
    year = {2017},
    author = {{Miriadax}},
    url = {https://miriadax.net/home?timestamp=}
}

@misc{UNED2017MOOCAbierta,
    title = {{MOOC ‚Äì UNED Abierta}},
    year = {2017},
    booktitle = {MOOC},
    author = {{UNED}},
    url = {https://unedabierta.uned.es/wp/cursos/mooc-coma/}
}

@article{Osgood1959MotivationNotes,
    title = {{Motivation and language behavior: a content analysis of suicide notes}},
    year = {1959},
    journal = {Journal of abnormal psychology},
    author = {Osgood, C E and Walker, E G},
    number = {1},
    month = {7},
    pages = {58--67},
    volume = {59},
    url = {http://www.ncbi.nlm.nih.gov/pubmed/13664411},
    pmid = {13664411},
    keywords = {Behavior, Language, Suicide, Suicide: psychology}
}

@article{Coppersmith2018NaturalRisk,
    title = {{Natural Language Processing of Social Media as Screening for Suicide Risk}},
    year = {2018},
    journal = {Biomedical Informatics Insights},
    author = {Coppersmith, Glen and Leary, Ryan and Crutchley, Patrick and Fine, Alex},
    month = {1},
    pages = {117822261879286},
    volume = {10},
    publisher = {SAGE PublicationsSage UK: London, England},
    url = {http://journals.sagepub.com/doi/10.1177/1178222618792860},
    doi = {10.1177/1178222618792860}
}

@misc{2017OMSSuicidio,
    title = {{OMS | Suicidio}},
    year = {2017},
    booktitle = {WHO},
    publisher = {World Health Organization},
    url = {http://www.who.int/mediacentre/factsheets/fs398/es/}
}

@article{Desmet2018OnlineClassification,
    title = {{Online suicide prevention through optimised text classification}},
    year = {2018},
    journal = {Information Sciences},
    author = {Desmet, Bart and Hoste, V√©ronique},
    month = {5},
    pages = {61--78},
    volume = {439-440},
    publisher = {Elsevier},
    url = {https://www.sciencedirect.com/science/article/pii/S002002551830094X?via%3Dihub},
    doi = {10.1016/J.INS.2018.02.014}
}

@article{RosarioCERRILLOMARTINDoloresIZUZQUIZAGASSETCorrespondenciaMRosarioCerrilloMartinDoloresIzuzquizaGassetPerfilUniversitario,
    title = {{Perfil del profesorado universitario}},
    author = {Rosario CERRILLO MART{\'{I}}N Dolores IZUZQUIZA GASSET Correspondencia M{\textordfeminine} Rosario Cerrillo Mart{\'{i}}n Dolores Izuzquiza Gasset, M¬™},
    number = {85},
    volume = {20},
    url = {http://www.aufop.com/aufop/home/},
    issn = {1575-0965}
}

@inproceedings{Kanakaraj2015PerformanceTechniques,
    title = {{Performance analysis of Ensemble methods on Twitter sentiment analysis using NLP techniques}},
    year = {2015},
    booktitle = {Proceedings of the 2015 IEEE 9th International Conference on Semantic Computing (IEEE ICSC 2015)},
    author = {Kanakaraj, Monisha and Guddeti, Ram Mohana Reddy},
    month = {2},
    pages = {169--170},
    publisher = {IEEE},
    url = {http://ieeexplore.ieee.org/document/7050801/},
    address = {Anaheim, CA, USA},
    isbn = {978-1-4799-7935-6},
    doi = {10.1109/ICOSC.2015.7050801}
}

@techreport{OrganizacionMundialdelaSalud2013Plan2020,
    title = {{Plan de Acci{\'{o}}n sobre Salud Mental 2013 - 2020}},
    year = {2013},
    author = {{Organizaci{\'{o}}n Mundial de la Salud}},
    pages = {54},
    url = {http://apps.who.int/iris/bitstream/10665/97488/1/9789243506029_spa.pdf?ua=1},
    institution = {OMS},
    doi = {978 924 250602 0}
}

@misc{SEcretariaNacionaldePlanificacionyDesarrolloPlan2017,
    title = {{Plan Nacional 2013 - 2017}},
    author = {{SEcretaria Nacional de Planificaci{\'{o}}n y Desarrollo}},
    url = {http://www.buenvivir.gob.ec/}
}

@article{PlataformaAprendizaje,
    title = {{Plataforma Virtual a trav{\'{e}}s de una infraestructura basada en el Sistema de gesti{\'{o}}n de aprendizajes Plataforma Virtual para el aprendizaje}},
    issn = {1390 - 9770}
}

@article{Paris2006PredictingEither,
    title = {{Predicting and preventing suicide: do we know enough to do either?}},
    year = {2006},
    journal = {Harvard review of psychiatry},
    author = {Paris, J},
    url = {http://www.tandfonline.com/doi/abs/10.1080/10673220600968662}
}

@article{Paris2006PredictingEitherb,
    title = {{Predicting and Preventing Suicide: Do We Know Enough to Do Either?}},
    year = {2006},
    journal = {Harvard Review of Psychiatry},
    author = {Paris, Joel},
    number = {5},
    month = {9},
    pages = {233--240},
    volume = {14},
    url = {http://content.wkhealth.com/linkback/openurl?sid=WKPTLP:landingpage&an=00023727-200609000-00001},
    doi = {10.1080/10673220600968662}
}

@book{Purver2012Proccedings2012,
    title = {{Proccedings of the 6th Workshop on Language Technology for Cultural Heritage, Social Sciences, and Humanities (LaTeCH 2012)}},
    year = {2012},
    booktitle = {Proceedings of the 13th Conference of the European Chapter of the Association for Computational Linguistics},
    author = {Purver, Matthew and Battersby, Stuart and Association for Computational Linguistics., Stuart},
    pages = {482--491},
    publisher = {ACL},
    url = {https://dl.acm.org/citation.cfm?id=2380875},
    isbn = {9781937284190}
}

@book{AssociationforComputationalLinguistics2003Proceedings2003,
    title = {{Proceedings of the conference and workshops, 41st annual meeting of the Association for Computational Linguistics Sapporo Convention Center, Sapporo, Japan, July 7-12, 2003}},
    year = {2003},
    booktitle = {Proceedings of the Workshop on Current Trends in Biomedical Natural Language Processing},
    author = {Association for Computational Linguistics, John P. and Annual Meeting of the Association for Computational Linguistics (ACL) (41 2003.07.07-12 Sapporo), Pawel and Grupp-Phelan, Jacqueline},
    pages = {96--97},
    publisher = {Association for Computational Linguistics},
    url = {https://dl.acm.org/citation.cfm?id=1572327},
    isbn = {9781932432114}
}

@article{Hernandez2014ProceedingsJISIC,
    title = {{Proceedings of the Workshop on Natural Language Processing in the 5th Information Systems Research Working Days (JISIC)}},
    year = {2014},
    journal = {the 5th Information Systems Research {\ldots}},
    author = {Hernandez, M and Pontes, JJA},
    url = {http://aclanthology.info/papers/W14-6900/proceedings-of-the-workshop-on-natural-language-processing-in-the-5th-information-systems-research-working-days-jisic}
}

@article{AkamaiQ1Akamai,
    title = {{Q1 2017 State of the Internet - Connectivity Report | Akamai}},
    author = {{Akamai}},
    url = {https://www.akamai.com/es/es/multimedia/documents/state-of-the-internet/q1-2017-state-of-the-internet-connectivity-report.pdf}
}

@article{Scata2018QuantifyingNetworks,
    title = {{Quantifying the propagation of distress and mental disorders in social networks}},
    year = {2018},
    journal = {Scientific Reports},
    author = {Scat{\`{a}}, Marialisa and Di Stefano, Alessandro and La Corte, Aurelio and Li{\`{o}}, Pietro},
    number = {1},
    month = {12},
    pages = {5005},
    volume = {8},
    url = {http://www.nature.com/articles/s41598-018-23260-2},
    doi = {10.1038/s41598-018-23260-2},
    issn = {20452322}
}

@article{ZhangRecognizingMedia,
    title = {{Recognizing Temporal Linguistic Expression Pattern of Individual with Suicide Risk on Social Media}},
    author = {Zhang, Aiqi and Li, Ang and Zhu, Tingshao},
    url = {https://arxiv.org/ftp/arxiv/papers/1511/1511.09173.pdf},
    keywords = {Chinese, blogs, classification model, fast Fourier transformation, suicidal process}
}

@article{Pulido2007ReflexionesFuturo,
    title = {{Reflexiones sobre la Universidad del Futuro}},
    year = {2007},
    author = {Pulido, Antonio},
    url = {http://www.antoniopulido.es/documentos/con071127.pdf}
}

@article{Abbasi2008SentimentForums,
    title = {{Sentiment analysis in multiple languages: Feature selection for opinion classification in Web forums}},
    year = {2008},
    journal = {ACM Transactions on Information Systems {\ldots}},
    author = {Abbasi, Ahmed and Chen, Hsinchun and Salem, Arab},
    number = {3},
    pages = {1--34},
    volume = {26},
    url = {http://dl.acm.org/citation.cfm?id=1361685%5Cnhttp://portal.acm.org/citation.cfm?doid=1361684.1361685},
    isbn = {1046-8188},
    doi = {10.1145/1361684.1361685},
    issn = {10468188},
    keywords = {Algorithms, Experimentation, Feature Selection, Opinion Mining, Sentiment Analysis, Text Classification}
}

@article{Giatsoglou2017SentimentEmbeddings,
    title = {{Sentiment analysis leveraging emotions and word embeddings}},
    year = {2017},
    journal = {Expert Systems with Applications},
    author = {Giatsoglou, Maria and Vozalis, Manolis G. and Diamantaras, Konstantinos and Vakali, Athena and Sarigiannidis, George and Chatzisavvas, Konstantinos Ch},
    pages = {214--224},
    volume = {69},
    publisher = {Elsevier Ltd},
    url = {http://dx.doi.org/10.1016/j.eswa.2016.10.043},
    doi = {10.1016/j.eswa.2016.10.043},
    issn = {09574174},
    keywords = {Hybrid vectorization, Machine learning, Multilingual sentiment analysis, Online user reviews, Text analysis, Vector representation}
}

@article{Blais2018SexualVeterans,
    title = {{Sexual dysfunction is associated with suicidal ideation in female service members and veterans}},
    year = {2018},
    journal = {Journal of Affective Disorders},
    author = {Blais, Rebecca K. and Monteith, Lindsey L. and Kugler, Jordan},
    month = {1},
    pages = {52--57},
    volume = {226},
    publisher = {Elsevier},
    url = {https://www.sciencedirect.com/science/article/pii/S0165032717302690},
    doi = {10.1016/J.JAD.2017.08.079}
}

@article{Large2012SuicidalSuicide,
    title = {{Suicidal ideation and later suicide}},
    year = {2012},
    journal = {American Journal of Psychiatry},
    author = {Large, MM and Nielssen, O},
    url = {http://ajp.psychiatryonline.org/doi/full/10.1176/appi.ajp.2012.11111674}
}

@article{Large2012SuicidalSuicideb,
    title = {{Suicidal Ideation and Later Suicide}},
    year = {2012},
    journal = {American Journal of Psychiatry},
    author = {Large, Matthew M. and Nielssen, Olav},
    number = {6},
    month = {6},
    pages = {662--662},
    volume = {169},
    publisher = {American Psychiatric Publishing Arlington, VA},
    url = {http://psychiatryonline.org/doi/abs/10.1176/appi.ajp.2012.11111674},
    doi = {10.1176/appi.ajp.2012.11111674}
}

@misc{WorldHealthOrganization2019Suicide,
    title = {{Suicide}},
    year = {2019},
    booktitle = {WHO},
    author = {{World Health Organization}},
    url = {https://www.who.int/news-room/fact-sheets/detail/suicide}
}

@article{Amiri2012Suicide2009.,
    title = {{Suicide and associated risk factors in Hamadan province, west of Iran, in 2008 and 2009.}},
    year = {2012},
    journal = {Journal of research in health sciences},
    author = {Amiri, Behzad and Pourreza, Abolghasem and Rahimi Foroushani, Abbas and Hosseini, Seyyed Mohammad and Poorolajal, Jalal},
    number = {2},
    month = {12},
    pages = {88--92},
    volume = {12},
    url = {http://www.ncbi.nlm.nih.gov/pubmed/23241517},
    issn = {2228-7809},
    pmid = {23241517}
}

@article{Owen2012SuicideIntent,
    title = {{Suicide communication events: Lay interpretation of the communication of suicidal ideation and intent}},
    year = {2012},
    journal = {Social Science {\&} Medicine},
    author = {Owen, Gareth and Belam, Judith and Lambert, Helen and Donovan, Jenny and Rapport, Frances and Owens, Christabel},
    number = {2},
    month = {7},
    pages = {419--428},
    volume = {75},
    publisher = {Pergamon},
    url = {https://www.sciencedirect.com/science/article/pii/S0277953612002821},
    doi = {10.1016/J.SOCSCIMED.2012.02.058}
}

@article{Pestian2010SuicideAnalysis.,
    title = {{Suicide Note Classification Using Natural Language Processing: A Content Analysis.}},
    year = {2010},
    journal = {Biomedical informatics insights},
    author = {Pestian, John and Nasrallah, Henry and Matykiewicz, Pawel and Bennett, Aurora and Leenaars, Antoon},
    number = {3},
    month = {8},
    pages = {19--28},
    volume = {2010},
    publisher = {NIH Public Access},
    url = {http://www.ncbi.nlm.nih.gov/pubmed/21643548 http://www.ncbi.nlm.nih.gov/pubmed/21643548},
    pmid = {21643548}
}

@article{Large2014SuicideReality,
    title = {{Suicide risk assessment: myth and reality}},
    year = {2014},
    journal = {International Journal of Clinical Practice},
    author = {Large, M. and Ryan, C.},
    number = {6},
    month = {6},
    pages = {679--681},
    volume = {68},
    publisher = {Wiley/Blackwell (10.1111)},
    url = {http://doi.wiley.com/10.1111/ijcp.12378},
    doi = {10.1111/ijcp.12378}
}

@article{Sueki2015TheJapan,
    title = {{The association of suicide-related Twitter use with suicidal behaviour: A cross-sectional study of young internet users in Japan}},
    year = {2015},
    journal = {Journal of Affective Disorders},
    author = {Sueki, Hajime},
    pages = {155--160},
    volume = {170},
    url = {http://www.sciencedirect.com/science/article/pii/S0165032714005369},
    isbn = {0165-0327},
    doi = {10.1016/j.jad.2014.08.047},
    issn = {15732517},
    pmid = {25240843},
    keywords = {Infodemiology, Internet, Social networking service, Suicide, Twitter, Web}
}

@phdthesis{Shapero2011THENOTES,
    title = {{THE LANGUAGE OF SUICIDE NOTES}},
    year = {2011},
    author = {Shapero, Jess Jann},
    url = {http://etheses.bham.ac.uk/1525/1/Shapero11PhD.pdf},
    school = {University of Birmingham}
}

@article{Landis1977TheData,
    title = {{The Measurement of Observer Agreement for Categorical Data}},
    year = {1977},
    journal = {Biometrics},
    author = {Landis, J. Richard and Koch, Gary G.},
    number = {1},
    month = {3},
    pages = {159},
    volume = {33},
    publisher = {International Biometric Society},
    url = {https://www.jstor.org/stable/2529310?origin=crossref},
    doi = {10.2307/2529310},
    issn = {0006341X}
}

@article{Goldstein1991TheSuicide,
    title = {{The Prediction of Suicide}},
    year = {1991},
    journal = {Archives of General Psychiatry},
    author = {Goldstein, Rise B. and Black, Donald W. and Nasrallah, Amelia and Winokur, George},
    number = {5},
    month = {5},
    pages = {418},
    volume = {48},
    publisher = {American Medical Association},
    url = {http://archpsyc.jamanetwork.com/article.aspx?doi=10.1001/archpsyc.1991.01810290030004},
    doi = {10.1001/archpsyc.1991.01810290030004}
}

@article{Goldstein1991TheDisorders,
    title = {{The prediction of suicide: sensitivity, specificity, and predictive value of a multivariate model applied to suicide among 1906 patients with affective disorders}},
    year = {1991},
    journal = {Archives of general},
    author = {Goldstein, RB and Black, DW},
    url = {http://archpsyc.jamanetwork.com/article.aspx?articleid=495337}
}

@article{Larsen2015ThePrevention,
    title = {{The use of technology in suicide prevention}},
    year = {2015},
    journal = {in Medicine and  {\ldots}},
    author = {Larsen, ME and Cummins, N and Boonstra, TW},
    url = {http://ieeexplore.ieee.org/abstract/document/7320081/}
}

@inproceedings{Larsen2015ThePreventionb,
    title = {{The use of technology in Suicide Prevention}},
    year = {2015},
    booktitle = {2015 37th Annual International Conference of the IEEE Engineering in Medicine and Biology Society (EMBC)},
    author = {Larsen, Mark E. and Cummins, Nicholas and Boonstra, Tjeerd W. and O'Dea, Bridianne and Tighe, Joe and Nicholas, Jennifer and Shand, Fiona and Epps, Julien and Christensen, Helen},
    month = {8},
    pages = {7316--7319},
    publisher = {IEEE},
    url = {http://ieeexplore.ieee.org/document/7320081/},
    isbn = {978-1-4244-9271-8},
    doi = {10.1109/EMBC.2015.7320081}
}

@article{Hall2009TheSoftware,
    title = {{The WEKA data mining software}},
    year = {2009},
    journal = {ACM SIGKDD Explorations Newsletter},
    author = {Hall, Mark and Frank, Eibe and Holmes, Geoffrey and Pfahringer, Bernhard and Reutemann, Peter and Witten, Ian H.},
    number = {1},
    month = {11},
    pages = {10},
    volume = {11},
    publisher = {ACM},
    url = {http://portal.acm.org/citation.cfm?doid=1656274.1656278},
    doi = {10.1145/1656274.1656278}
}

@article{Liakata2012ThreeNotes,
    title = {{Three Hybrid Classifiers for the Detection of Emotions in Suicide Notes}},
    year = {2012},
    journal = {Biomedical Informatics Insights},
    author = {Liakata, Maria and Kim, Jee-Hyub and Saha, Shyamasree and Hastings, Janna and Rebholz-Schuhmann, Dietrich},
    month = {1},
    pages = {BII.S8967},
    volume = {5s1},
    publisher = {SAGE PublicationsSage UK: London, England},
    url = {http://journals.sagepub.com/doi/10.4137/BII.S8967},
    doi = {10.4137/BII.S8967},
    issn = {1178-2226},
    keywords = {emotion classification, hybrid, sentence classification, suicide}
}

@article{Jashinsky2014TrackingUS,
    title = {{Tracking suicide risk factors through Twitter in the US}},
    year = {2014},
    journal = {Crisis},
    author = {Jashinsky, J and Burton, SH and Hanson, CL and West, J},
    url = {http://econtent.hogrefe.com/doi/full/10.1027/0227-5910/a000234}
}

@article{Jashinsky2014TrackingUSb,
    title = {{Tracking Suicide Risk Factors Through Twitter in the US}},
    year = {2014},
    journal = {Crisis},
    author = {Jashinsky, Jared and Burton, Scott H. and Hanson, Carl L. and West, Josh and Giraud-Carrier, Christophe and Barnes, Michael D. and Argyle, Trenton},
    number = {1},
    month = {1},
    pages = {51--59},
    volume = {35},
    url = {http://econtent.hogrefe.com/doi/abs/10.1027/0227-5910/a000234},
    doi = {10.1027/0227-5910/a000234}
}

@article{Mowery2017UnderstandingStudy.,
    title = {{Understanding Depressive Symptoms and Psychosocial Stressors on Twitter: A Corpus-Based Study.}},
    year = {2017},
    journal = {Journal of medical Internet research},
    author = {Mowery, Danielle and Smith, Hilary and Cheney, Tyler and Stoddard, Greg and Coppersmith, Glen and Bryan, Craig and Conway, Mike},
    number = {2},
    month = {2},
    pages = {e48},
    volume = {19},
    publisher = {Journal of Medical Internet Research},
    url = {http://www.jmir.org/2017/2/e48/ http://www.jmir.org/2017/2/e48/ http://www.jmir.org/2017/2/e48/},
    doi = {10.2196/jmir.6895},
    pmid = {28246066}
}

@article{Zhang2014UsingUsers,
    title = {{Using linguistic features to estimate suicide probability of Chinese microblog users}},
    year = {2014},
    journal = {Conference on Human  {\ldots}},
    author = {Zhang, L and Huang, X and Liu, T and Li, A and Chen, Z and Zhu, T},
    pages = {549--559},
    url = {https://link.springer.com/chapter/10.1007/978-3-319-15554-8_45}
}

@article{Pestian2008UsingNotes,
    title = {{Using natural language processing to classify suicide notes}},
    year = {2008},
    journal = {Proceedings of the},
    author = {Pestian, JP and Matykiewicz, P},
    url = {http://dl.acm.org/citation.cfm?id=1572327}
}

@book{AssociationforComputationalLinguistics2008UsingNotes,
    title = {{Using natural language processing to classify suicide notes}},
    year = {2008},
    booktitle = {Proceedings of the Workshop on Current Trends in Biomedical Natural Language Processing},
    author = {Association for Computational Linguistics, John P. and Annual Meeting of the Association for Computational Linguistics (ACL) (41 2003.07.07-12 Sapporo), Pawel and Grupp-Phelan, Jacqueline},
    pages = {96--97},
    publisher = {Association for Computational Linguistics},
    url = {https://dl.acm.org/citation.cfm?id=1572327},
    isbn = {9781932432114}
}

@article{Pestian2008UsingNotesb,
    title = {{Using natural language processing to classify suicide notes}},
    year = {2008},
    journal = {Proceedings of the Workshop on Current Trends in Biomedical Natural Language Processing},
    author = {Pestian, John P. and Matykiewicz, Pawel and Grupp-Phelan, Jacqueline},
    pages = {96--97},
    publisher = {Association for Computational Linguistics},
    url = {https://dl.acm.org/citation.cfm?id=1572327},
    isbn = {978-1-932432-11-4}
}

@article{Braithwaite2016ValidatingSuicidality.,
    title = {{Validating Machine Learning Algorithms for Twitter Data Against Established Measures of Suicidality.}},
    year = {2016},
    journal = {JMIR mental health},
    author = {Braithwaite, Scott R and Giraud-Carrier, Christophe and West, Josh and Barnes, Michael D and Hanson, Carl Lee},
    number = {2},
    month = {5},
    pages = {e21},
    volume = {3},
    publisher = {JMIR Publications Inc.},
    url = {http://www.ncbi.nlm.nih.gov/pubmed/27185366 http://www.ncbi.nlm.nih.gov/pubmed/27185366},
    doi = {10.2196/mental.4822},
    pmid = {27185366}
}

@article{Soto2009VentajasEspanoles,
    title = {{Ventajas del uso de las TICs en el proceso de ense{\~{n}}anza-aprendizaje desde la {\'{o}}ptica de los docentes universitarios espa{\~{n}}oles}},
    year = {2009},
    journal = {Edutec. Revista Electr{\'{o}}nica de Tecnolog{\'{i}}a Educativa},
    author = {Soto, Carlos Ferro and Senra, Ana Isabel Mart√≠nez and Neira, M¬™ Carmen Otero},
    number = {29},
    month = {7},
    volume = {0},
    url = {http://www.edutec.es/revista/index.php/edutec-e/article/view/451},
    doi = {10.21556/EDUTEC.2009.29.451},
    issn = {1135-9250},
    keywords = {EEES, Proceso ense{\~{n}}anza, TICs, Ventajas, aprendizaje}
}

@misc{NeesJanvanEck2019VOSviewerLandscapes,
    title = {{VOSviewer - Visualizing scientific landscapes}},
    year = {2019},
    author = {{Nees Jan van Eck} and {Ludo Waltman}},
    url = {http://www.vosviewer.com/}
}

@misc{WekaZealand,
    title = {{Weka Machine Learning Project at the University of Waikato in New Zealand}},
    url = {https://www.cs.waikato.ac.nz/ml/index.html}
}

@misc{Internetworldstats2017WorldStats,
    title = {{World Internet Users Statistics and 2017 World Population Stats}},
    year = {2017},
    author = {{Internetworldstats}},
    url = {http://www.internetworldstats.com/stats.htm}
}

@misc{worldometers2017WorldWorldometers,
    title = {{World Population Clock: 7.6 Billion People (2017) - Worldometers}},
    year = {2017},
    author = {{worldometers}},
    url = {http://www.worldometers.info/world-population/}
}

@misc{TheStaticticsPortal2019Statistic,
    title = {{‚Ä¢ Global social media ranking 2019 | Statistic}},
    year = {2019},
    author = {{The Statictics Portal}},
    url = {https://www.statista.com/statistics/272014/global-social-networks-ranked-by-number-of-users/}
}